@misc{boost_python,
  title       = "{Boost.Python}",
  url         = "http://www.boost.org/doc/libs/1_45_0/libs/python/doc/index.html"
  }

@misc{mpfr,
  title       = "{MPFR}",
  url         = "http://www.mpfr.org/mpfr-current/"
  }

@misc{svg,
  title       = "{Scalable Vector Graphics}",
  url         = "http://www.w3.org/Graphics/SVG/"
  }

@misc{git,
  title       = "{Git}",
  url         = "http://git-scm.com/"
  }

@misc{fractal_pi,
  title       = "{Calculating PI, with computer or pencil}",
  url         = "http://www.cygnus-software.com/misc/pidigits.htm"
  }

@misc{wiki_taylor,
  title       = "{Brook Taylor}",
  url         = "http://en.wikipedia.org/wiki/Brook_Taylor"
  }
